 @inproceedings{
 	Álvarez_López_2005, title={Elaboración de planes de la calidad en proyectos de software}, rights={http://creativecommons.org/licenses/by-nc-sa/2.5/ar/}, url={http://sedici.unlp.edu.ar/handle/10915/23062}, 
 	abstractNote={La adecuada definición de un proceso de software aumenta la posibilidad de que un proyecto obtenga un producto de calidad aceptable. En el presente trabajo se presentan los planes de la calidad como instrumento para documentar el proceso de software en un proyecto determinado. Los planes de la calidad pueden tener características diferentes en función de la metodología elegida para cada proyecto, por lo que se presentan dos alternativas para su diseño: una alternativa para metodologías “tradicionales” y otro para metodologías “ágiles”. Asimismo se incluye un ejemplo de aplicación de plan de la calidad para cada una de las metodologías}, author={Álvarez, Amalia I. and López, Matilde}, 
 	year={2005}, 
 	month=oct, 
 	language={es} }

@book{Chemuturi_2011, address={Fort Lauderdale, Fla}, 
	title={Mastering software quality assurance: best practices, tools and techniques for software developers}, 
	ISBN={9781604270327}, 
	callNumber={QA76.76.Q35 C45 2011}, 
	publisher={J. Ross Pub}, 
	author={Chemuturi, Murali}, 
	year={2011} }

@misc{IEEE_Standards_Association,
	author={{IEEE Standards Association}},
	title={IEEE Standard for Software Quality Assurance Plans},
	url={https://standards.ieee.org/ieee/730/5284/},
	year={2014},
	language={en}
}

@misc{Plan_de_gestion_de_calidad_de_software_by_María_de_los_Ángeles_Medina_Martínez_-_Issuu_2016,
	author={Medina Martínez, María de los Ángeles},
	title={Plan de gestion de calidad de software},
	url={https://issuu.com/mariadelosangelesmedinamartinez/docs/plan_de_gestion_de_calidad_de_softw},
	year={2016},
	month=mar,
	language={es}
}

@book{Galin_2004, 
	address={Harlow, England ; New York}, 
	title={Software quality assurance}, 
	ISBN={9780201709452}, 
	callNumber={QA76.76.Q35 G35 2004}, 
	publisher={Pearson Education Limited}, 
	author={Galin, Daniel}, year={2004} }

@article{Callejas-Cuervo_Alarcón-Aldana_Álvarez-Carreño_2017,
	title={Modelos de calidad del software, un estado del arte},
	volume={13},
	ISSN={19003803, 25390279},
	url={https://revistas.unilibre.edu.co/index.php/entramado/article/view/428},
	DOI={10.18041/entramado.2017v13n1.25125},
	number={1},
	journal={ENTRAMADO},
	author={Callejas-Cuervo, Mauro and Alarcón-Aldana, Andrea Catherine and Álvarez-Carreño, Ana María},
	year={2017},
	pages={236–250},
	institution={Universidad Pedagógica y Tecnológica de Colombia, Tunja - Colombia}
}

@misc{ISO_9001_2015,
	title={ISO 9001:2015 - Quality management systems},
	url={https://www.iso.org/standard/62085.html},
	note={ISO Standard 9001:2015},
	institution={International Organization for Standardization (ISO)},
	year={2015},
	language={en}
}

@book{Pressman_2010,
	address={México},
	edition={7a ed.},
	title={Ingeniería del software: un enfoque práctico},
	ISBN={9786071503145},
	abstractNote={Por casi tres décadas, Ingeniería del software: un enfoque práctico ha sido la guía de ingeniería del software más vendida tanto para estudiantes como para profesionales de la industria. En su séptima edición, el libro ha sido reestructurado, rediseñado y sometido a una actualización sustancial de su contenido que dirige cada tema importante a lo que muchos han llamado 'la disciplina de ingeniería del siglo XXI'. Sus originales barras laterales y su contenido al margen fueron ampliados y mejorados, ofreciendo al lector un complemento entretenido e informativo a los temas de los capítulos. Nuevos capítulos, así como una nueva organización, hacen que el libro sea aún más fácil de usar en el salón de clase, o como guía para autoestudio.--Contratapa.},
	publisher={McGraw-Hill},
	author={Pressman, Roger S.},
	year={2010},
	language={es}
}

@book{Deming_2018,
	address={Cambridge, Massachusetts},
	edition={Reissue},
	title={Out of the Crisis},
	ISBN={9780262535946},
	callNumber={HD70.U5 D45 2018},
	publisher={The MIT Press},
	author={Deming, W. Edwards},
	year={2018}
}

@book{Sommerville_2011,
	address={Madrid},
	edition={9a ed.},
	title={Ingeniería de software},
	ISBN={9786073206037},
	publisher={Pearson Educación de México},
	author={Sommerville, Ian},
	year={2011},
	language={es}
}
